<?xml version="1.0" encoding="UTF-8"?><collection xmlns="http://www.loc.gov/MARC21/slim"><record><leader>00391nam--2200133-i-4500</leader><controlfield tag="001">000011240</controlfield><controlfield tag="002">20161230</controlfield><controlfield tag="005">20161230201029</controlfield><controlfield tag="008">060222s1000------------r-----000-0-eng-d</controlfield><datafield ind1=" " ind2=" " tag="245"><subfield code="a">Compton profile of niobium</subfield></datafield><datafield ind1=" " ind2=" " tag="260"><subfield code="a">Tokyo, The Institute For Solid State Physics, 1974 28 P</subfield></datafield><datafield ind1=" " ind2=" " tag="490"><subfield code="a">679</subfield></datafield><datafield ind1=" " ind2=" " tag="700"><subfield code="a">Shinya, Wakoh, Tomoe, Fukamachi, Sukeaki, Hosoya And Jiro, Yamashita</subfield></datafield><datafield ind1=" " ind2=" " tag="852"><subfield code="a">19409</subfield></datafield></record></collection>